@article{kantorovich1939,
	author = {L. V. Kantorovich},
	title = {Mathematical Methods of Organizing and Planning Production},
	journal = {Management Science},
	volume = {6},
	number = {4},
	pages = {366--422},
	year = {1960},
	publisher = {INFORMS}
}
@book{dantzig1963,
	title={Linear Programming and Extensions},
	author={G. B. Dantzig},
	series={Princeton landmarks in mathematics and physics},
	year={1963},
	publisher={Princeton University Press}
}
@article{karmarkar1984,
	author={N. Karmarkar},
	title={A new polynomial-time algorithm for linear programming},
	journal={Combinatorica},
	year={1984},
	volume={4},
	number={4},
	pages={373--395}
}
@article{koopmans1949,
	author = {T. C. Koopmans},
	title = {Optimum utilization of the transportation system},
	journal = {Econometrica},
	pages = {136--146},
	publisher = {Wiley, Econometric Society},
	volume = {17},
	year = {1949}
}
@article{khachiyan1979,
	author = {L. G. Khachiyan},
	title = {A polynomial algorithm in linear programmin},
	pages = {191--194},
	publisher = {Sovier Mathematics Doklady},
	volume = {20},
	year = {1979}
}
@book{chong2010,
	title={An introduction to optimization, 2nd edition},
	author={E. K. P. Chong \& S. H. Zak},
	year={2010},
	publisher={Wiley India Pvt. Limited}
}
@book{hillier1985,
	title={\greektext{Εισαγωγή στην Επιχειρησιακή Έρευνα}},
	author={F. S. Hillier \& G. J. Lieberman (\greektext{μετάφραση: Γ. Οικονόμου})},
	year={1985},
	publisher={\greektext{Εκδόσεις Παπαζήσης}}
}
@book{nocedal2006numerical,
	title={Numerical Optimization},
	author={J. Nocedal \& S. Wright},
	series={Springer Series in Operations Research and Financial Engineering},
	year={2006},
	publisher={Springer New York}
}
@book{boyd2004convex,
	title={Convex Optimization},
	author={S. P. Boyd \& L. Vandenberghe},
	series={Berichte {\"u}ber verteilte messysteme},
	year={2004},
	publisher={Cambridge University Press}
}
@book{renegar2001mathematical,
	title={A Mathematical View of Interior-Point Methods in Convex Optimization},
	author={Renegar, J.},
	series={MPS-SIAM Series on Optimization},
	year={2001},
	publisher={Society for Industrial and Applied Mathematics}
}
@book{nesterov1994interior,
	title={Interior-point Polynomial Algorithms in Convex Programming},
	author={Nesterov, Y. and Nemirovskii, A.},
	series={Studies in Applied Mathematics},
	year={1994},
	publisher={Society for Industrial and Applied Mathematics (SIAM, 3600 Market Street, Floor 6, Philadelphia, PA 19104)}
}
@book{wright1997primal,
	title={Primal-Dual Interior-Point Methods},
	author={Wright, S.J.},
	year={1997},
	publisher={Society for Industrial and Applied Mathematics}
}
@book{boyd1994linear,
	title={Linear matrix inequalities in system and control theory},
	author={Boyd, Stephen P and El Ghaoui, Laurent and Feron, Eric and Balakrishnan, Venkataramanan},
	volume={15},
	year={1994},
	publisher={SIAM}
}
@article{scherer2011linear,
	title={Linear matrix inequalities in control},
	author={Scherer, Carsten W and Weiland, Siep},
	year={2011}
}
@book{press2008solving,
	title={Solving Applied Mathematical Problems with MATLAB},
	author={Xue, D. and Chen, Y.},
	year={2008},
	publisher={CRC Press}
}
@inproceedings{gahinet1994lmi,
	title={The LMI control toolbox},
	author={Gahinet, PM and Laub, Alan J and Chilali, Mahmoud},
	organization={Citeseer}
}
@book{luenberger2008linear,
	title={Linear and Nonlinear Programming},
	author={Luenberger, D.G. and Ye, Y.},
	series={International Series in Operations Research \& Management Science},
	year={2008},
	publisher={Springer US}
}
@book{bazaraa2013nonlinear,
	title={Nonlinear Programming: Theory and Algorithms},
	author={Bazaraa, M.S. and Sherali, H.D. and Shetty, C.M.},
	year={2013},
	publisher={Wiley}
}
